@misc{CapValues,
  author = {Capgemini},
  title = {{Our Values \& Culture}},
  howpublished = "\url{https://www.uk.capgemini.com/careers/working-at-capgemini/our-values-culture}",
  year = {2008},
  note = "[Online; accessed 7-May-2017]"
}


@article{Eigen1971,
  title={Selforganization of matter and the evolution of biological macromolecules},
  author={Eigen, Manfred},
  journal={Naturwissenschaften},
  volume={58},
  number={10},
  pages={465--523},
  year={1971},
  publisher={Springer}
}

@article{Knuth1968,
  title={Semantics of Context-free Languages},
  author={Knuth, Donald E},
  journal={Mathematical Systems Theory},
  volume={2},
  number={2},
  pages={127--145},
  year={1968},
  publisher={Springer}
}
